@book{szirtes2007applied,
  title={Applied dimensional analysis and modeling},
  author={Szirtes, Thomas},
  year={2007},
  publisher={Butterworth-Heinemann}
}
